@article{ncca2013,
  TITLE =        {Key Skills of Junior Cycle},
  author =       {NCCA},
  howpublished = {online},
  address =      {$http://www.juniorcycle.ie/NCCA_JuniorCycle/media/NCCA/Documents/Key/Key-Skills-Overview-Feb-2013.pdf$},
  month =        {February},
  year =         {2013},
}

@article{scratch2013,
  TITLE =        {Scratch},
  author =       {LERO},
  howpublished = {online},
  address =      {$http://www.scratch.ie/$},
  month =        {April},
  year =         {2014},
}

@article{bridge21,
  TITLE =        {Bridge21},
  author =       {Trinity College Dublin},
  howpublished = {online},
  address =      {$http://www.bridge21.ie$},
  month =        {April},
  year =         {2014},
}

@article{compSchools,
  TITLE =        {Computing in Schools},
  author =       {The Royal Society},
  howpublished = {online},
  address =      {$http://royalsociety.org/education/policy/computing-in-schools/$},
  month =        {January},
  year =         {2012},
}
